@article{argyriou2012sparse,
  title={Sparse prediction with the $ k $-support norm},
  author={Argyriou, Andreas and Foygel, Rina and Srebro, Nathan},
  journal={Advances in Neural Information Processing Systems},
  volume={25},
  year={2012}
}


@article{xu2019non,
  title={Non-asymptotic analysis of stochastic methods for non-smooth non-convex regularized problems},
  author={Xu, Yi and Jin, Rong and Yang, Tianbao},
  journal={Advances in Neural Information Processing Systems},
  volume={32},
  year={2019}
}

@article{nesterov2013gradient,
  title={Gradient methods for minimizing composite functions},
  author={Nesterov, Yu},
  journal={Mathematical programming},
  volume={140},
  number={1},
  pages={125--161},
  year={2013},
  publisher={Springer}
}

@article{beck2016minimization,
  title={On the minimization over sparse symmetric sets: projections, optimality conditions, and algorithms},
  author={Beck, Amir and Hallak, Nadav},
  journal={Mathematics of Operations Research},
  volume={41},
  number={1},
  pages={196--223},
  year={2016},
  publisher={INFORMS}
}



@article{mcdonald2016new,
  title={New perspectives on k-support and cluster norms},
  author={McDonald, Andrew M and Pontil, Massimiliano and Stamos, Dimitris},
  journal={Journal of Machine Learning Research},
  volume={17},
  number={155},
  pages={1--38},
  year={2016}
}